author = {Ricardo Martini and Cristiana Araujo and Pedro Rangel Henriques},
editor = {Giovani Librelotto},
author = {Javier Azcurra and Mario Beron and Pedro Henriques and Maria Joao Varanda Pereira},
author = {Oliveira, Nuno and Henriques, Pedro Rangel and da Cruz, Daniela and Pereira, Maria João Varanda},
author = {Vilas Boas, Ismael and Oliveira, Nuno and Rangel Henriques, Pedro},
author="Martini, Ricardo G. and Araujo, Cristiana and Almeida, José João and Henriques, Pedro",
editor="Rocha, Alvaro and Correia, Maria Ana and Adeli, Hojjat and Mendonça Teixeira, Marcelo",
author = {Beron, M. and Montejano, G. and Riesco, D. and Henriques, P.R. and Debnath, N.},
author = {J.J. Almeida and J.B. Barros},
author = {J. J. Almeida and J. B. Barros},
author = {J. Carvalho and P. Cunha},
